<?xml version="1.0" encoding="UTF-8"?>
<SOAP-ENV:Envelope xmlns:SOAP-ENV="http://schemas.xmlsoap.org/soap/envelope/" xmlns:ns1="http://oss.dbc.dk/ns/openformat" xmlns:os="http://oss.dbc.dk/ns/opensearch" xmlns:dc="http://purl.org/dc/elements/1.1/" xmlns:dkabm="http://biblstandard.dk/abm/namespace/dkabm/" xmlns:ISO639-2="http://lcweb.loc.gov/standards/iso639-2/" xmlns:dcmitype="http://purl.org/dc/dcmitype/" xmlns:dcterms="http://purl.org/dc/terms/" xmlns:ac="http://biblstandard.dk/ac/namespace/" xmlns:dkdcplus="http://biblstandard.dk/abm/namespace/dkdcplus/" xmlns:oss="http://oss.dbc.dk/ns/osstypes" xmlns:marcx="info:lc/xmlns/marcxchange-v1" xmlns:xsi="http://www.w3.org/2001/XMLSchema-instance">
  <SOAP-ENV:Body>
    <ns1:formatRequest>
      <ns1:originalData>
        <os:collection>
          <os:resultPosition>1</os:resultPosition>
          <os:numberOfObjects>1</os:numberOfObjects>
          <os:object>
            <dkabm:record>
              <ac:identifier>05087805|870970</ac:identifier>
              <dc:identifier xsi:type="dkdcplus:ISBN">87-12-34269-6</dc:identifier>
              <ac:source>Bibliotekskatalog</ac:source>
              <dc:title>Den danske kriminalret</dc:title>
              <dc:title xsi:type="dkdcplus:full">Den danske kriminalret : Almindelig del</dc:title>
              <dc:creator xsi:type="dkdcplus:aut">Stephan Hurwitz</dc:creator>
              <dc:creator xsi:type="oss:sort">Hurwitz, Stephan</dc:creator>
              <dc:subject xsi:type="dkdcplus:DK5">34.3</dc:subject>
              <dc:subject xsi:type="dkdcplus:DK5-Text">Strafferet. Kriminologi</dc:subject>
              <dcterms:audience>voksenmaterialer</dcterms:audience>
              <dkdcplus:version>4. reviderede udgave, uændret optryk</dkdcplus:version>
              <dc:publisher>Gad</dc:publisher>
              <dc:date>1971</dc:date>
              <dc:type xsi:type="dkdcplus:BibDK-Type">Bog</dc:type>
              <dcterms:extent>XIX, 607 sider</dcterms:extent>
              <dcterms:extent>2 bind</dcterms:extent>
              <dc:language xsi:type="dcterms:ISO639-2">dan</dc:language>
              <dc:language>Dansk</dc:language>
            </dkabm:record>
            <marcx:collection>
              <marcx:record format="danMARC2" type="Bibliographic">
                <marcx:leader>00000n    2200000   4500</marcx:leader>
                <marcx:datafield ind1="0" ind2="0" tag="001">
                  <marcx:subfield code="a">05087805</marcx:subfield>
                  <marcx:subfield code="b">870970</marcx:subfield>
                  <marcx:subfield code="c">19901107</marcx:subfield>
                  <marcx:subfield code="d">19761202</marcx:subfield>
                  <marcx:subfield code="f">a</marcx:subfield>
                  <marcx:subfield code="o">c</marcx:subfield>
                </marcx:datafield>
                <marcx:datafield ind1="0" ind2="0" tag="004">
                  <marcx:subfield code="r">n</marcx:subfield>
                  <marcx:subfield code="a">e</marcx:subfield>
                </marcx:datafield>
                <marcx:datafield ind1="0" ind2="0" tag="008">
                  <marcx:subfield code="t">m</marcx:subfield>
                  <marcx:subfield code="u">r</marcx:subfield>
                  <marcx:subfield code="a">1971</marcx:subfield>
                  <marcx:subfield code="z">1976</marcx:subfield>
                  <marcx:subfield code="l">dan</marcx:subfield>
                  <marcx:subfield code="b">dk</marcx:subfield>
                  <marcx:subfield code="v">0</marcx:subfield>
                </marcx:datafield>
                <marcx:datafield ind1="0" ind2="0" tag="009">
                  <marcx:subfield code="a">a</marcx:subfield>
                  <marcx:subfield code="g">xx</marcx:subfield>
                </marcx:datafield>
                <marcx:datafield ind1="0" ind2="0" tag="018">
                  <marcx:subfield code="a">50022501</marcx:subfield>
                </marcx:datafield>
                <marcx:datafield ind1="0" ind2="0" tag="021">
                  <marcx:subfield code="a">87-12-34269-6</marcx:subfield>
                  <marcx:subfield code="c">hf.</marcx:subfield>
                  <marcx:subfield code="d">kr. 139.15</marcx:subfield>
                </marcx:datafield>
                <marcx:datafield ind1="0" ind2="0" tag="032">
                  <marcx:subfield code="a">DBF197652</marcx:subfield>
                  <marcx:subfield code="x">SFD197652</marcx:subfield>
                  <marcx:subfield code="x">DIS197400</marcx:subfield>
                </marcx:datafield>
                <marcx:datafield ind1="0" ind2="0" tag="100">
                  <marcx:subfield code="a">Hurwitz</marcx:subfield>
                  <marcx:subfield code="h">Stephan</marcx:subfield>
                </marcx:datafield>
                <marcx:datafield ind1="0" ind2="0" tag="245">
                  <marcx:subfield code="a">Den ¤danske kriminalret</marcx:subfield>
                  <marcx:subfield code="e">[af] Stephan Hurwitz</marcx:subfield>
                  <marcx:subfield code="c">Almindelig del</marcx:subfield>
                </marcx:datafield>
                <marcx:datafield ind1="0" ind2="0" tag="250">
                  <marcx:subfield code="a">4. reviderede udgave</marcx:subfield>
                  <marcx:subfield code="x">[uændret optryk]</marcx:subfield>
                  <marcx:subfield code="b">4. udgave</marcx:subfield>
                  <marcx:subfield code="d">ved Knud Waaben</marcx:subfield>
                </marcx:datafield>
                <marcx:datafield ind1="0" ind2="0" tag="260">
                  <marcx:subfield code="&amp;">1</marcx:subfield>
                  <marcx:subfield code="c">1976</marcx:subfield>
                  <marcx:subfield code="k">Fr. Bagge</marcx:subfield>
                </marcx:datafield>
                <marcx:datafield ind1="0" ind2="0" tag="260">
                  <marcx:subfield code="&amp;">1</marcx:subfield>
                  <marcx:subfield code="a">Kbh.</marcx:subfield>
                  <marcx:subfield code="b">Gad</marcx:subfield>
                </marcx:datafield>
                <marcx:datafield ind1="0" ind2="0" tag="300">
                  <marcx:subfield code="a">XIX, 607 sider</marcx:subfield>
                </marcx:datafield>
                <marcx:datafield ind1="0" ind2="0" tag="300">
                  <marcx:subfield code="a">2 bind</marcx:subfield>
                  <marcx:subfield code="c">23 cm</marcx:subfield>
                </marcx:datafield>
                <marcx:datafield ind1="0" ind2="0" tag="520">
                  <marcx:subfield code="a">Tidligere: 4. udgave 1971</marcx:subfield>
                </marcx:datafield>
                <marcx:datafield ind1="0" ind2="0" tag="652">
                  <marcx:subfield code="m">34.3</marcx:subfield>
                </marcx:datafield>
                <marcx:datafield ind1="0" ind2="0" tag="996">
                  <marcx:subfield code="a">DBC</marcx:subfield>
                </marcx:datafield>
              </marcx:record>