
              <marcx:record format="danMARC2" type="BibliographicVolume">
                <marcx:leader>00000n    2200000   4500</marcx:leader>
                <marcx:datafield ind1="0" ind2="0" tag="001">
                  <marcx:subfield code="a">05087805</marcx:subfield>
                  <marcx:subfield code="b">870970</marcx:subfield>
                  <marcx:subfield code="c">19901107</marcx:subfield>
                  <marcx:subfield code="d">19761202</marcx:subfield>
                  <marcx:subfield code="f">a</marcx:subfield>
                  <marcx:subfield code="o">c</marcx:subfield>
                </marcx:datafield>
                <marcx:datafield ind1="0" ind2="0" tag="004">
                  <marcx:subfield code="r">n</marcx:subfield>
                  <marcx:subfield code="a">b</marcx:subfield>
                </marcx:datafield>
                <marcx:datafield ind1="0" ind2="0" tag="008">
                  <marcx:subfield code="t">m</marcx:subfield>
                  <marcx:subfield code="u">r</marcx:subfield>
                  <marcx:subfield code="a">1971</marcx:subfield>
                  <marcx:subfield code="v">0</marcx:subfield>
                  <marcx:subfield code="z">1976</marcx:subfield>
                  <marcx:subfield code="l">dan</marcx:subfield>
                </marcx:datafield>
                <marcx:datafield ind1="0" ind2="0" tag="014">
                  <marcx:subfield code="a">50022501</marcx:subfield>
                </marcx:datafield>
                <marcx:datafield ind1="0" ind2="0" tag="021">
                  <marcx:subfield code="a">87-12-34269-6</marcx:subfield>
                  <marcx:subfield code="c">hf.</marcx:subfield>
                  <marcx:subfield code="d">kr. 139.15</marcx:subfield>
                </marcx:datafield>
                <marcx:datafield ind1="0" ind2="0" tag="032">
                  <marcx:subfield code="a">DBF197652</marcx:subfield>
                  <marcx:subfield code="x">SFD197652</marcx:subfield>
                  <marcx:subfield code="x">DIS197400</marcx:subfield>
                </marcx:datafield>
                <marcx:datafield ind1="0" ind2="0" tag="245">
                  <marcx:subfield code="a">Almindelig del</marcx:subfield>
                </marcx:datafield>
                <marcx:datafield ind1="0" ind2="0" tag="250">
                  <marcx:subfield code="a">4. reviderede udgave</marcx:subfield>
                  <marcx:subfield code="x">[uændret optryk]</marcx:subfield>
                  <marcx:subfield code="b">4. udgave</marcx:subfield>
                  <marcx:subfield code="d">ved Knud Waaben</marcx:subfield>
                </marcx:datafield>
                <marcx:datafield ind1="0" ind2="0" tag="260">
                  <marcx:subfield code="&amp;">1</marcx:subfield>
                  <marcx:subfield code="c">1976</marcx:subfield>
                  <marcx:subfield code="k">Fr. Bagge</marcx:subfield>
                </marcx:datafield>
                <marcx:datafield ind1="0" ind2="0" tag="300">
                  <marcx:subfield code="a">XIX, 607 sider</marcx:subfield>
                </marcx:datafield>
                <marcx:datafield ind1="0" ind2="0" tag="520">
                  <marcx:subfield code="a">Tidligere: 4. udgave 1971</marcx:subfield>
                </marcx:datafield>
              </marcx:record>
            </marcx:collection>
            <os:identifier>870970-basis:05087805</os:identifier>
            <os:creationDate>2005-03-01</os:creationDate>
            <os:holdingsCount>16</os:holdingsCount>
            <os:lendingLibraries>15</os:lendingLibraries>
            <os:relations>
              <os:relation>
                <os:relationType>dbcaddi:hasCreatorDescription</os:relationType>
                <os:relationUri>870970-basis:42816876</os:relationUri>
              </os:relation>
              <os:relation>
                <os:relationType>dbcaddi:hasCreatorDescription</os:relationType>
                <os:relationUri>870971-avis:70223287</os:relationUri>
              </os:relation>
              <os:relation>
                <os:relationType>dbcaddi:hasCreatorDescription</os:relationType>
                <os:relationUri>870971-avis:70223252</os:relationUri>
              </os:relation>
              <os:relation>
                <os:relationType>dbcaddi:hasCreatorDescription</os:relationType>
                <os:relationUri>870971-avis:70223279</os:relationUri>
              </os:relation>
              <os:relation>
                <os:relationType>dbcaddi:hasCreatorDescription</os:relationType>
                <os:relationUri>870971-avis:70223260</os:relationUri>
              </os:relation>
              <os:relation>
                <os:relationType>dbcaddi:hasCreatorDescription</os:relationType>
                <os:relationUri>870971-tsart:88383753</os:relationUri>
              </os:relation>
            </os:relations>
            <os:formatsAvailable>
              <os:format>dkabm</os:format>
              <os:format>marcxchange</os:format>
            </os:formatsAvailable>
          </os:object>
        </os:collection>
      </ns1:originalData>
      <ns1:outputFormat>PLACEHOLDER</ns1:outputFormat>
      <ns1:trackingId>bog_stephan_hurwitz_bind.xml.PLACEHOLDER</ns1:trackingId>
    </ns1:formatRequest>
  </SOAP-ENV:Body>
</SOAP-ENV:Envelope>
